@ARTICLE{RealityTech:2018,
	author = {https://www.realitytechnologies.com/mixed-reality/},
	title = {{R}eality {T}echnologies},
	journal = {Journal title},
	year = {2018},
	month = {November},
	publisher = {Publisher}
}

@ARTICLE{Medium:2018,
	author = {https://medium.com/@ngai.yt/15-best-tools-for-3d-modeling-software-a7939fded451/},
	title = {{M}edium},
	journal = {Journal title},
	year = {2018},
	month = {November},
	publisher = {Publisher}
}

@ARTICLE{Vulkan:2018,
	author = {https://www.amd.com/en/technologies/vulkan/},
	title = {{V}ulkan},
	journal = {Journal title},
	year = {2018},
	month = {November},
	publisher = {Publisher}
}

@ARTICLE{OpenGL:2018,
	author = {https://www.opengl.org/},
	title = {{O}penGL},
	journal = {Journal title},
	year = {2018},
	month = {November},
	publisher = {Publisher}
}
@ARTICLE{Metal:2018,
	author = {https://developer.apple.com/documentation/metal},
	title = {{M}etal},
	journal = {Journal title},
	year = {2018},
	month = {November},
	publisher = {Publisher}
}
