@misc{	MRdef,
	author = "Brandon Bray",
	title = "What is mixed reality?",
	year = 2018,
	month = mar,
	day = 14,
	howpublished = "\url{https://docs.microsoft.com/en-us/windows/mixed-reality/mixed-reality}"
	}
@misc{  3DModelInf,
	author = "Finn Raun Gottfredsen",
	title = "3D Models of Infrastructure Will Soon Be a Prerequisite for Maintenance Work",
	year = 2018,
	month = jun,
	day = 04,
	howpublished = "\url{https://www.cowi.com/insights/3d-models-of-infrastructure-will-soon-be-a-prerequisite-for-maintenance-work}"
	}

@misc{	BIM,
	author = "Thomas Goubau",
	howpublished = "\url{https://www.aproplan.com/blog/quality-management-plan-construction/what-is-bim-what-are-its-benefits-to-the-construction-industry}"
	}
